@book{zienkiewicz_taylor_zhu:2005,
type= {book},
author= {Zienkiewicz, O.C. and Taylor, R.L. and Zhu, J.Z.},
title= {The finite element method, Band I, II \& III},
journal= {},
publisher= {Elsevier Butterworth-Heinemann, Oxford},
year= {2005},
volume= {},
pages= {},
keywords= {},
}

@phdthesis{wall:1999,
author= {Wall, W.A.},
title= {Fluid-Struktur-Interaktion mit stabilisierten Finiten Elementen},
journal= {},
school= {Bericht Nr. 31, Institut für Baustatik, Universität Stuttgart},
year= {1999},
volume= {31},
pages= {},
keywords= {efficiency},
}

@phdthesis{foerster:2007,
author= {Förster, Ch.},
title= {Robust methods for fluid-structure interaction with stabilised finite elements},
journal= {},
school= {Bericht Nr. 51, Institut für Baustatik und Baudynamik, Universität Stuttgart},
year= {2007},
volume= {51},
pages= {},
keywords= {},
}


@BOOKLET{gid,
  author = {GiD, {The personal pre and postprocessor}},
  title   = {International Center for Numerical Methods in Engineering (CIMNE)},
  year = {2008},
  Lastchecked = {17.08.2008},
  type =  {Online Resource},
  url = {\url{http://gid.cimne.upc.es/}},
  otherinfo = {},
}


@INCOLLECTION{ramm_vs_foerster_wall:2008,
  author = {Ramm, E. and  {von Scheven}, M. and  Förster, Ch. and  Wall, W.A.},
  title = {Interaction of incompressible flows and thin-walled structures},
  booktitle = {ECCOMAS Multidisciplinary Jubilee Symposium. New Computational
    Challenges in Materials, Structures and Fluids},
  publisher = {Computational Methods in Applied Sciences, 14, Springer-Verlag, Berlin, Heidelberg},
  year = {2008},
  pages = {219--233},
  otherinfo = {}
}



@INPROCEEDINGS{vs_ramm_bischoff:2008,
  author = {{von Scheven}, M. and Ramm, E. and  Bischoff, M.},
  title = {Efficiency issues of partitioned solution in fluid-structure interaction},
  booktitle = {Proceedings of 8th World Congress on Computational Mechanics WCCM8, Venedig},
  year = {2008},
  otherinfo = {}
}



@PHDTHESIS{bischoff:1999,
  author = {Bischoff, M.},
  title = {Theorie und Numerik einer dreidimensionalen Schalenformulierung},
  school = {Bericht Nr. 30, Institut für Baustatik, Universität Stuttgart},
  year = {1999},
  otherinfo = {}
}




@ARTICLE{foerster_wall_ramm:2006,
  author = {Förster, Ch. and Wall, W.A. and Ramm, E.},
  title = {On the geometric conservation law in transient flow calculations on deforming domains},
  journal = IJNMF,
  year = {2006},
  volume = {50},
  pages = {1369--1379},
  otherinfo = {}
}


